@misc{ wiki:Automata_finito,
   author = "Wikipedia",
   title = "Aut√≥mata finito --- Wikipedia{,} La enciclopedia libre",
   year = "2020",
   url = "\url{https://es.wikipedia.org/w/index.php?title=Aut%C3%B3mata_finito&oldid=130002871}"
}